--- COMMENTS may be placed outside the @ENTRYTYPE{ ... } stuctures
--- CMS guidelines
---- Every journal article citation should include the DOI, assuming one exists.
---- All URLs for CMS notes, ANs, etc, should refer to the CDS server, not the CMS server. Use our standard format for them, as shown below.
----  CMS Notes not available on CDS are regarded as private and may not be cited.
----  CMS physics papers (i.e., those intended for publication in journals) may reference only POG PASs, not PAG PASs.
---- For papers by collaborations, list the collaboration in the COLLABOROATION field and put the first author and "and others" in the AUTHOR field.
----  If only the collaboration is listed as the author, put "{XXX Collaboration}" under AUTHOR.
----  Note that we automatically replace the AUTHOR field with the collaboration name for ATLAS, CMS, LHCb, and ATLAS at submission time. Please don't remove the
----  "First Author and others" in the AUTHOR field.
---- Other items:
----   PAGES: Please only list the first page, not the range.
----   ISSUE: Please do not include in most cases.
----   URL: Do not include this field if a DOI is available.
---- Number of authors to list:
----   PRL requests that we include all authors up to fifteen except for large collaborations, and we take this as our internal guide as well. If there
----   are more than fifteen, just list the first author + "and others", as above.
----   The individual journal bib style file (theirs, ours, PLB, etc.) will truncate at the appropriate point. We have ours set to _1_ for more than four.
---- Use only the URL field instead of embedding an href.
---- A reference only published on the arXiv should be listed as UNPUBLISHED (with a note "Submitted to XXX" for large collaboration papers).
----   Experimental papers only on the arXiv and not submitted for publication may not be cited.
---- Some journals will lowercase the title: use {} to protect words which must be capitalized, e.g., {LHC}, {TeV}, {CERN}, {CMS}.
----  Do not escape the entire title as it will then clash with the journal style.
---- Journal names: the journals generally include the series in the journal name, "Physical Review D", vol 5, rather than PR D5
---- >>> Please use the --preview option with the tdr script to perform a simple-minded reference check before uploading.
%
%
%    Many commonly cited papers are available under svn+ssh://svn.cern.ch/reps/tdr/utils/branches/dev/general/gen.bib and utils/trunk/higgs.bin.

%
% Notes hosted only on CDS are listed as TECHREPORTs.
%
@article{Alwall:2014hca,
      author         = "Alwall, J. and Frederix, R. and Frixione, S. and Hirschi,
                        V. and Maltoni, F. and Mattelaer, O. and Shao, H. -S. and
                        Stelzer, T. and Torrielli, P. and Zaro, M.",
      title          = "{The automated computation of tree-level and
                        next-to-leading order differential cross sections, and
                        their matching to parton shower simulations}",
      journal        = "JHEP",
      volume         = "07",
      year           = "2014",
      pages          = "079",
      doi            = "10.1007/JHEP07(2014)079",
      eprint         = "1405.0301",
      archivePrefix  = "arXiv",
      primaryClass   = "hep-ph",
      reportNumber   = "CERN-PH-TH-2014-064, CP3-14-18, LPN14-066, MCNET-14-09,
                        ZU-TH-14-14",
      SLACcitation   = "%%CITATION = ARXIV:1405.0301;%%"                                                                                                                                                 
}


@article{Junk:1999kv,
      author         = "Junk, Thomas",
      title          = "{Confidence level computation for combining searches with
                        small statistics}",
      journal        = "Nucl.Instrum.Meth.",
      volume         = "A434",
      pages          = "435",
      doi            = "10.1016/S0168-9002(99)00498-2",
      year           = "1999",
      eprint         = "hep-ex/9902006",
      archivePrefix  = "arXiv",
      primaryClass   = "hep-ex",
      reportNumber   = "CARLETON-OPAL-PHYS-99-01, CERN-EP-99-041",
      SLACcitation   = "%%CITATION = HEP-EX/9902006;%%",                                                                                                                

}


@article{Cowan:2010js,
      author         = "Cowan, Glen and Cranmer, Kyle and Gross, Eilam and
                        Vitells, Ofer",
      title          = "{Asymptotic formulae for likelihood-based tests of new
                        physics}",
      journal        = "Eur. Phys. J.",
      volume         = "C71",
      year           = "2011",
      pages          = "1554",
      doi            = "10.1140/epjc/s10052-011-1554-0,
                        10.1140/epjc/s10052-013-2501-z",
      note           = "[Erratum: Eur. Phys. J.C73,2501(2013)]",
      eprint         = "1007.1727",
      archivePrefix  = "arXiv",
      primaryClass   = "physics.data-an",
      SLACcitation   = "%%CITATION = ARXIV:1007.1727;%%"                                                                                                                
}
@techreport{HIG-11-011,
      title         = "{SM Higgs Combination}",
      institution   = "CERN",
      collaboration = "CMS Collaboration",
      address       = "Geneva",
      number        = "CMS-PAS-HIG-11-011",
      year          = "2011",
      reportNumber  = "CMS-PAS-HIG-11-011",
      url           = "https://cds.cern.ch/record/1370076",
}



@article{Dolan:2012ac,
      author         = "Dolan, Matthew J. and Englert, Christoph and Spannowsky,
                        Michael",
      title          = "{New Physics in LHC Higgs boson pair production}",
      journal        = "Phys. Rev.",
      volume         = "D87",
      year           = "2013",
      number         = "5",
      pages          = "055002",
      doi            = "10.1103/PhysRevD.87.055002",
      eprint         = "1210.8166",
      archivePrefix  = "arXiv",
      primaryClass   = "hep-ph",
      reportNumber   = "IPPP-12-80, DCPT-12-160",
      SLACcitation   = "%%CITATION = ARXIV:1210.8166;%%"                                                                             
}
@ARTICLE{POWHEG,
     AUTHOR        = "{S. Frixione, P. Nason, and C. Oleari}",
     TITLE         = "Matching NLO QCD computations with parton shower simulations: the POWHEG method",
     JOURNAL       = "JHEP",
     VOLUME        = "11",
     YEAR          = "2007",
     pages         = "070",
     eprint        = "0709.2092",
     archivePrefix = "arXiv",
     primaryClass  = "hep-ph",
     doi           = "10.1088/1126-6708/2007/11/070",
}


@Article{GEANT4,
      author         = "S. Agostinelli and others",
      title          = "{GEANT4}---a simulation toolkit",
      collaboration  = "GEANT4",
      journal        = "Nucl. Instrum. Meth. A",
      volume         = "506",
      pages          = "250",
      doi            = "10.1016/S0168-9002(03)01368-8",
      year           = "2003",
      reportNumber   = "SLAC-PUB-9350, FERMILAB-PUB-03-339",
      SLACcitation   = "%%CITATION = NUIMA,A506,250;%%",                                                                                                                                                 
}

@article{Luisoni:2013kna,
      author         = "Luisoni, Gionata and Nason, Paolo and Oleari, Carlo and
                        Tramontano, Francesco",
      title          = "{$HW^{\pm}$/HZ + 0 and 1 jet at NLO with the POWHEG BOX
                        interfaced to GoSam and their merging within MiNLO}",
      journal        = "JHEP",
      volume         = "10",
      year           = "2013",
      pages          = "083",
      doi            = "10.1007/JHEP10(2013)083",
      eprint         = "1306.2542",
      archivePrefix  = "arXiv",
      primaryClass   = "hep-ph",
      SLACcitation   = "%%CITATION = ARXIV:1306.2542;%%"                                                                                                                                                 
}
@misc{Comparison_of_nuisances_expectedSignal0_350,
title = "{Comparison of nuisances for background only case, 350 GeV mass hypothesis}",
note = "http://rkamalie.web.cern.ch/rkamalie/feb12/Comparison\_of\_nuisances\_expectedSignal0\_350.html",
}

@misc{Comparison_of_nuisances_expectedSignal1_350,
title = "{Comparison of nuisances for s+b case, 350 GeV mass hypothesis}",
note = "http://rkamalie.web.cern.ch/rkamalie/feb12/Comparison\_of\_nuisances\_expectedSignal1\_350.html",
}


@misc{DYkfactor,
title = "{k-factor for DY/Z}",
note = "https://twiki.cern.ch/twiki/bin/viewauth/CMS/SummaryTable1G25ns\#DY\_Z",
}


@misc{LHCHXSWG,
title = "{The LHC Higgs cross-section working group}",
note = "https://twiki.cern.ch/twiki/bin/view/LHCPhysics/LHCHXSWG",
}

@misc{SMxsec,
title = "{Standard Model Cross Sections for CMS at 13 TeV}",
note = "https://twiki.cern.ch/twiki/bin/viewauth/CMS/StandardModelCrossSectionsat13TeVInclusive",
}

@misc{xsecZH,
title = "{SM Higgs production cross sections at sqrt(s) = 13 TeV}",
note = "https://twiki.cern.ch/twiki/bin/view/LHCPhysics/CERNYellowReportPageAt13TeV\#ZHllH\_H\_l\_e\_or\_Process",
}

@misc{xsecTT,
title = "{NNLO+NNLL top-quark-pair cross sections}",
note = "https://twiki.cern.ch/twiki/bin/view/LHCPhysics/TtbarNNLO\#Top\_quark\_pair\_cross\_sections\_at",
}

@misc{xsecST,
title = "{Single Top Cross sections}",
note = "https://twiki.cern.ch/twiki/bin/viewauth/CMS/SingleTopSigma",
}

@misc{xsecVV,
title = "{CMS GEN XSEC Task Force}",
note = "https://twiki.cern.ch/twiki/bin/viewauth/CMS/GenXsecTaskForce\#Space\_for\_Various\_Processes\_Welc",
}

@misc{CERNYR4,
title = "{SM Higgs Branching Ratios and Total Decay Widths (update in CERN Report4 2016)}",
note = "https://twiki.cern.ch/twiki/bin/view/LHCPhysics/CERNYellowReportPageBR\#Higgs\_2\_gauge\_bosons",
}




@article{Gavin:2012sy,
      author         = "Gavin, Ryan and Li, Ye and Petriello, Frank and
                        Quackenbush, Seth",
      title          = "{W Physics at the LHC with FEWZ 2.1}",
      journal        = "Comput. Phys. Commun.",
      volume         = "184",
      pages          = "208",
      doi            = "10.1016/j.cpc.2012.09.005",
      year           = "2013",
      eprint         = "1201.5896",
      archivePrefix  = "arXiv",
      primaryClass   = "hep-ph",
      reportNumber   = "ANL-HEP-PR-11-83, NUHEP-TH-12-01, PSI-PR-12-01",
      SLACcitation   = "%%CITATION = ARXIV:1201.5896;%%",                                                                                                                                                
}
@article{Frixione:2007nw,
      author         = "Frixione, Stefano and Nason, Paolo and Ridolfi, Giovanni",
      title          = "{A Positive-weight next-to-leading-order Monte Carlo for
                        heavy flavour hadroproduction}",
      journal        = "JHEP",
      volume         = "09",
      year           = "2007",
      pages          = "126",
      doi            = "10.1088/1126-6708/2007/09/126",
      eprint         = "0707.3088",
      archivePrefix  = "arXiv",
      primaryClass   = "hep-ph",
      reportNumber   = "BICOCCA-FT-07-12, GEF-TH-19-2007",
      SLACcitation   = "%%CITATION = ARXIV:0707.3088;%%"                                                                                                                                                 
}
@article{cite_aMC@NLO,
      author         = "Alwall, J. and Frederix, R. and Frixione, S. and Hirschi,
                        V. and Maltoni, F. and Mattelaer, O. and Shao, H. -S. and
                        Stelzer, T. and Torrielli, P. and Zaro, M.",
      title          = "{The automated computation of tree-level and
                        next-to-leading order differential cross sections, and
                        their matching to parton shower simulations}",
      journal        = "JHEP",
      volume         = "07",
      year           = "2014",
      pages          = "079",
      doi            = "10.1007/JHEP07(2014)079",
      eprint         = "1405.0301",
      archivePrefix  = "arXiv",
      primaryClass   = "hep-ph",
      reportNumber   = "CERN-PH-TH-2014-064, CP3-14-18, LPN14-066, MCNET-14-09,
                        ZU-TH-14-14",
      SLACcitation   = "%%CITATION = ARXIV:1405.0301;%%"                                                                                                                                                                
}



@article{Zech:1988un,
      author         = "Zech, Gunter",
      title          = "{Upper Limits in Experiments with Background Or
                        Measurement Errors}",
      journal        = "Nucl. Instrum. Meth.",
      volume         = "A277",
      year           = "1989",
      pages          = "608",
      doi            = "10.1016/0168-9002(89)90795-X",
      reportNumber   = "CERN-EP/88-164",
      SLACcitation   = "%%CITATION = NUIMA,A277,608;%%"                                                                                                                                                                 
}



@article{LEP-CLs,
author="A. L. Read",
title="{Presentation of search results: the CLs technique}",
journal="J. Phys. G: Nucl. Part. Phys.",
volume="28",
year="2002",
page="2693",
}

@article{Frederix:2012dh,
      author         = "Frederix, Rikkert and Re, Emanuele and Torrielli, Paolo",
      title          = "{Single-top t-channel hadroproduction in the four-flavour
                        scheme with POWHEG and aMC@NLO}",
      journal        = "JHEP",
      volume         = "09",
      year           = "2012",
      pages          = "130",
      doi            = "10.1007/JHEP09(2012)130",
      eprint         = "1207.5391",
      archivePrefix  = "arXiv",
      primaryClass   = "hep-ph",
      reportNumber   = "ZU-TH-14-12, IPPP-12-54, DCPT-12-108,
                        CERN-PH-TH-2012-206, LPN12-084, MCNET-12-10, --LPN12-084",
      SLACcitation   = "%%CITATION = ARXIV:1207.5391;%%"                                                                                                                                                                
}

@article{Alwall:2007fs,
      author         = "Alwall, Johan and others",
      title          = "{Comparative study of various algorithms for the merging
                        of parton showers and matrix elements in hadronic
                        collisions}",
      journal        = "Eur. Phys. J. C",
      volume         = "53",
      year           = "2008",
      pages          = "473-500",
      doi            = "10.1140/epjc/s10052-007-0490-5",
      eprint         = "0706.2569",
      archivePrefix  = "arXiv",
      primaryClass   = "hep-ph",
      reportNumber   = "SLAC-PUB-12604, CERN-PH-TH-2007-066, LU-TP-07-13,
                        KA-TP-06-2007, DCPT-07-62, IPPP-07-31",
      SLACcitation   = "%%CITATION = ARXIV:0706.2569;%%"                                                                                                                                                                                              
}

@article{Chatrchyan:2011ds,
      author         = "Chatrchyan, Serguei and others",
      title          = "{Determination of jet energy calibration and transverse
                        momentum resolution in CMS}",
      collaboration  = "CMS",
      journal        = "JINST",
      volume         = "6",
      pages          = "P11002",
      doi            = "10.1088/1748-0221/6/11/P11002",
      year           = "2011",
      eprint         = "1107.4277",
      archivePrefix  = "arXiv",
      primaryClass   = "physics.ins-det",
      reportNumber   = "CERN-PH-EP-2011-102, CMS-JME-10-011",
      SLACcitation   = "%%CITATION = ARXIV:1107.4277;%%",                                                                                                                                                                                             
}
@article{Campbell:2010ff,
      author         = "Campbell, John M. and Ellis, R. K.",
      title          = "{MCFM for the Tevatron and the LHC}",
      journal        = "Nucl. Phys. Proc. Suppl.",
      volume         = "205-206",
      pages          = "10",
      doi            = "10.1016/j.nuclphysbps.2010.08.011",
      year           = "2010",
      eprint         = "1007.3492",
      archivePrefix  = "arXiv",
      primaryClass   = "hep-ph",
      reportNumber   = "FERMILAB-CONF-10-244-T",
      SLACcitation   = "%%CITATION = ARXIV:1007.3492;%%",                                                                                                                                                                                             
}


@article{Re:2010bp,
      author         = "Re, Emanuele",
      title          = "{Single-top Wt-channel production matched with parton
                        showers using the POWHEG method}",
      journal        = "Eur. Phys. J.",
      volume         = "C71",
      year           = "2011",
      pages          = "1547",
      doi            = "10.1140/epjc/s10052-011-1547-z",
      eprint         = "1009.2450",
      archivePrefix  = "arXiv",
      primaryClass   = "hep-ph",
      reportNumber   = "IPPP-10-74, DCPT-10-148",
      SLACcitation   = "%%CITATION = ARXIV:1009.2450;%%"                                                                                                                                                                                              
}

@misc{muonIDnISO,
AUTHOR       = "{Gael L. Perrin, Pedro Fernandez Manteca}",
     Title    = "{Muon Identification and Isolation Scale-Factors on 2016 Dataset}",
howpublished         = "\url{https://indico.cern.ch/event/611558/contributions/2465881/attachments/1407735/2151747/TnP_06_02_2017.pdf}"
}


@misc{muonTRK,
AUTHOR       = "{CMS Muon POG}",
     Title    = "{Tracking SFs on the full 2016 data}",
howpublished         = "\url{https://twiki.cern.ch/twiki/bin/view/CMS/MuonWorkInProgressAndPagResults#Results_on_the_full_2016_data}"
}

@misc{muonTrigger,
AUTHOR       = "{Gael L. Perrin}",
     Title    = "{Double Muon trigger efficiency per-leg approach}",
howpublished         = "\url{https://indico.cern.ch/event/636555/contributions/2577291/attachments/1453162/2241537/TnP_DoubleMuSF_03_05_17.pdf}"
}



@article{Huang:2017nnw,
      author         = "Huang, Peisi and Joglekar, Aniket and Li, Min and Wagner,
                        Carlos E. M.",
      title          = "{Corrections to Di-Higgs Production with Light Stops and
                        Modified Higgs Couplings}",
      year           = "2017",
      eprint         = "1711.05743",
      archivePrefix  = "arXiv",
      primaryClass   = "hep-ph",
      reportNumber   = "EFI-17-23",
      SLACcitation   = "%%CITATION = ARXIV:1711.05743;%%"                                                                            
}



@article{Dupuis:2016fda,
      author         = "Dupuis, Grace",
      title          = "{Collider Constraints and Prospects of a Scalar Singlet
                        Extension to Higgs Portal Dark Matter}",
      journal        = "JHEP",
      volume         = "07",
      year           = "2016",
      pages          = "008",
      doi            = "10.1007/JHEP07(2016)008",
      eprint         = "1604.04552",
      archivePrefix  = "arXiv",
      primaryClass   = "hep-ph",
      SLACcitation   = "%%CITATION = ARXIV:1604.04552;%%"                                                                        
}
@article{Kanemura:2016tan,
      author         = "Kanemura, Shinya and Kaneta, Kunio and Machida, Naoki and
                        Odori, Shinya and Shindou, Tetsuo",
      title          = "{Single and double production of the Higgs boson at
                        hadron and lepton colliders in minimal composite Higgs
                        models}",
      journal        = "Phys. Rev.",
      volume         = "D94",
      year           = "2016",
      number         = "1",
      pages          = "015028",
      doi            = "10.1103/PhysRevD.94.015028",
      eprint         = "1603.05588",
      archivePrefix  = "arXiv",
      primaryClass   = "hep-ph",
      reportNumber   = "UT-HET-111, CTPU-16-05, KU-PH-020",
      SLACcitation   = "%%CITATION = ARXIV:1603.05588;%%"                                                                        
}

@article{Oliveira:2014kla,
      author         = "Oliveira, Alexandra",
      title          = "{Gravity particles from Warped Extra Dimensions,
                        predictions for LHC}",
      year           = "2014",
      eprint         = "1404.0102",
      archivePrefix  = "arXiv",
      primaryClass   = "hep-ph",
      SLACcitation   = "%%CITATION = ARXIV:1404.0102;%%"                                                                         
}
@article{BG3,
      author         = "Antipin, Oleg and Atwood, David and Soni, Amarjit",
      title          = "{Search for RS gravitons via W(L)W(L) decays}",
      journal        = "Phys. Lett.",
      volume         = "B666",
      year           = "2008",
      pages          = "155-161",
      doi            = "10.1016/j.physletb.2008.07.009",
      eprint         = "0711.3175",
      archivePrefix  = "arXiv",
      primaryClass   = "hep-ph",
      reportNumber   = "BNL-HET-07-20",
      SLACcitation   = "%%CITATION = ARXIV:0711.3175;%%"
}

@article{BG2,
      author         = "Fitzpatrick, A. Liam and Kaplan, Jared and Randall, Lisa
                        and Wang, Lian-Tao",
      title          = "{Searching for the Kaluza-Klein Graviton in Bulk RS
                        Models}",
      journal        = "JHEP",
      volume         = "09",
      year           = "2007",
      pages          = "013",
      doi            = "10.1088/1126-6708/2007/09/013",
      eprint         = "hep-ph/0701150",
      archivePrefix  = "arXiv",
      primaryClass   = "hep-ph",
      SLACcitation   = "%%CITATION = HEP-PH/0701150;%%"
}

@article{BG1, 
      author         = "Agashe, Kaustubh and Davoudiasl, Hooman and Perez, Gilad
                        and Soni, Amarjit",
      title          = "{Warped Gravitons at the LHC and Beyond}",
      journal        = "Phys. Rev.",
      volume         = "D76",
      year           = "2007",
      pages          = "036006",
      doi            = "10.1103/PhysRevD.76.036006",
      eprint         = "hep-ph/0701186",
      archivePrefix  = "arXiv",
      primaryClass   = "hep-ph",
      reportNumber   = "SU-4252-843, BNL-HET-07-3, YITP-SB-07-02",
      SLACcitation   = "%%CITATION = HEP-PH/0701186;%%"
}


@misc{HiggsPAGPreapprovalChecks,
AUTHOR       = "{CMS Higgs PAG}",
     Title    = "{List of question for the preapproval checks}",
     howpublished         = "\url{https://twiki.cern.ch/twiki/bin/viewauth/CMS/HiggsWG/HiggsPAGPreapprovalChecks}"
}



@misc{BTagtwiki,
AUTHOR       = "{CMS BTV POG}",
     Title    = "{Supported Algorithms and Operating Points}",
     howpublished         = "\url{https://twiki.cern.ch/twiki/bin/viewauth/CMS/BtagRecommendation80XReReco#Supported_Algorithms_and_Operati}"
}

@article{bbWW,
      author         = "Sirunyan, Albert M and others",
      title          = "{Search for resonant and nonresonant Higgs boson pair
                        production in the bblnulnu final state in proton-proton
                        collisions at sqrt(s) = 13 TeV}",
      collaboration  = "CMS",
      year           = "2017",
      eprint         = "1708.04188",
      archivePrefix  = "arXiv",
      primaryClass   = "hep-ex",
      reportNumber   = "CMS-HIG-17-006, CERN-EP-2017-168",
      SLACcitation   = "%%CITATION = ARXIV:1708.04188;%%"
}


@ARTICLE{Salam:1961en,
      AUTHOR            = "Salam, Abdus and Ward, John Clive",
      TITLE                     = "On a Gauge Theory of Elementary Interactions",
      JOURNAL           = "Nuovo Cim.",
      VOLUME            = "19",
      PAGES                     = "165-170",
      DOI               = "10.1007/BF02812723",
      YEAR                      = "1961"
}
%%------------------------------------------------------------------------%%                              
@ARTICLE{Glashow:1961tr,
      AUTHOR            = "Glashow, S.L.",
      TITLE                     = "Partial Symmetries of Weak Interactions",
      JOURNAL           = "Nucl.Phys.",
      VOLUME            = "22",
      PAGES             = "579-588",
      DOI                       = "10.1016/0029-5582(61)90469-2",
      YEAR                      = "1961"
}
%%------------------------------------------------------------------------%%                              
@ARTICLE{Weinberg:1967tq,
      AUTHOR            = "Weinberg, Steven",
      TITLE             = "A Model of Leptons",
      JOURNAL           = "Phys.Rev.Lett.",
      VOLUME            = "19",
      PAGES                     = "1264-1266",
      DOI               = "10.1103/PhysRevLett.19.1264",
      YEAR                      = "1967"
}

@article{Vhbb_inspire,
      author         = "Sirunyan, Albert M and others",
      title          = "{Evidence for the Higgs boson decay to a bottom
                        quark-antiquark pair}",
      collaboration  = "CMS",
      year           = "2017",
      eprint         = "1709.07497",
      archivePrefix  = "arXiv",
      primaryClass   = "hep-ex",
      reportNumber   = "CMS-HIG-16-044, CERN-EP-2017-233",
      SLACcitation   = "%%CITATION = ARXIV:1709.07497;%%"
}

@article{PFalgo,
      author         = "Sirunyan, Albert M and others",
      title          = "{Particle-flow reconstruction and global event
                        description with the CMS detector}",
      collaboration  = "CMS",
      journal        = "JINST",
      volume         = "12",
      year           = "2017",
      number         = "10",
      pages          = "P10003",
      doi            = "10.1088/1748-0221/12/10/P10003",
      eprint         = "1706.04965",
      archivePrefix  = "arXiv",
      primaryClass   = "physics.ins-det",
      reportNumber   = "CMS-PRF-14-001, CERN-EP-2017-110",
      SLACcitation   = "%%CITATION = ARXIV:1706.04965;%%"
}

@article{CMSreco,
      author         = "Nayak, Aruna Kumar",
      title          = "{Reconstruction of physics objects in the CMS detector}",
      booktitle      = "{Proceedings, 4th International Workshop on Prospects for
                        Charged Higgs Discovery at Colliders (CHARGED 2012):
                        Uppsala, Sweden, October 8-11, 2012}",
      collaboration  = "CMS",
      journal        = "PoS",
      volume         = "CHARGED2012",
      year           = "2012",
      pages          = "010",
      eprint         = "1310.7408",
      archivePrefix  = "arXiv",
      primaryClass   = "hep-ex",
      reportNumber   = "CMS-CR-2013-019",
      SLACcitation   = "%%CITATION = ARXIV:1310.7408;%%"
}

@article{WED,
  title = {Large Mass Hierarchy from a Small Extra Dimension},
  author = {Randall, Lisa and Sundrum, Raman},
  journal = {Phys. Rev. Lett.},
  volume = {83},
  issue = {17},
  pages = {3370--3373},
  numpages = {0},
  year = {1999},
  month = {Oct},
  publisher = {American Physical Society},
  doi = {10.1103/PhysRevLett.83.3370},
  url = {https://link.aps.org/doi/10.1103/PhysRevLett.83.3370}
}

@article{Xanda,
      author         = "Oliveira, Alexandra",
      title          = "{Gravity particles from Warped Extra Dimensions,
                        predictions for LHC}",
      year           = "2014",
      eprint         = "1404.0102",
      archivePrefix  = "arXiv",
      primaryClass   = "hep-ph",
      SLACcitation   = "%%CITATION = ARXIV:1404.0102;%%"
}
@article{HiggsCMS,
      author         = "Chatrchyan, Serguei and others",
      title          = "{Observation of a new boson at a mass of 125 GeV with the
                        CMS experiment at the LHC}",
      collaboration  = "CMS",
      journal        = "Phys. Lett.",
      volume         = "B716",
      year           = "2012",
      pages          = "30-61",
      doi            = "10.1016/j.physletb.2012.08.021",
      eprint         = "1207.7235",
      archivePrefix  = "arXiv",
      primaryClass   = "hep-ex",
      reportNumber   = "CMS-HIG-12-028, CERN-PH-EP-2012-220",
      SLACcitation   = "%%CITATION = ARXIV:1207.7235;%%"
}

@article{HiggsAtlas,
      author         = "Aad, Georges and others",
      title          = "{Observation of a new particle in the search for the
                        Standard Model Higgs boson with the ATLAS detector at the
                        LHC}",
      collaboration  = "ATLAS",
      journal        = "Phys. Lett.",
      volume         = "B716",
      year           = "2012",
      pages          = "1-29",
      doi            = "10.1016/j.physletb.2012.08.020",
      eprint         = "1207.7214",
      archivePrefix  = "arXiv",
      primaryClass   = "hep-ex",
      reportNumber   = "CERN-PH-EP-2012-218",
      SLACcitation   = "%%CITATION = ARXIV:1207.7214;%%"
}

@article{HHXsec,
      author         = "Panico, Giuliano",
      title          = "{Prospects for double Higgs production}",
      booktitle      = "{Proceedings, Physics Prospects for Linear and other
                        Future Colliders after the Discovery of the Higgs (LFC15):
                        Trento, Italy, September 7-11, 2015}",
      journal        = "Frascati Phys. Ser.",
      volume         = "61",
      year           = "2016",
      pages          = "102",
      eprint         = "1512.04316",
      archivePrefix  = "arXiv",
      primaryClass   = "hep-ph",
      SLACcitation   = "%%CITATION = ARXIV:1512.04316;%%"
}



@TECHREPORT{CMS_AN_2006-027,
     AUTHOR       = "Belotelov, I. and Golutvin, I. and Bourilkov, D. and Lanyov, A. and Rogalev, E. and Savina, M. and Shmatov, S.",
     TITLE        = "Search for {ADD} extra dimensional gravity in di-muon channel with the {CMS} Detector",
     TYPE      = "CMS Note",
     NUMBER       = "2006/076",
     URL          = "http://cdsweb.cern.ch/record/962045",
     YEAR         = "2006"}
@TECHREPORT{CMS_NOTE_2006-106,
     AUTHOR       = "Aldaya, M. and Arce, P. and Caballero, J. and de la Cruz, B. and Garcia-Abia, P. and Hernandez, J. M. and Josa, M. I. and Ruiz, E.",
     TITLE        = "Discovery potential and search strategy for the Standard Model {H}iggs boson in the {$H\to ZZ^\star\to 4\mu$} decay channel using a mass-independent analysis",
     TYPE      = "CMS Note",
     NUMBER       = "2006/106",
     URL          = "http://cdsweb.cern.ch/record/962058",
     YEAR         = "2006"}
%
% standard article
%
@Article{Brandt:1997gi,
     author    = "Brandt, A. and others",
 collaboration = "UA8",
     title     = "Measurements of single diffraction at $\sqrt{s} =$ 630 {GeV}:
                  Evidence for  a non-linear $\alpha(t)$ of the pomeron",
     journal   = "Nucl. Phys. B",
     volume    = "514",
     year      = "1998",
     pages     = "3",
     SLACcitation  = "%%CITATION = HEP-EX 9710004;%%",
     doi       = "10.1016/S0550-3213(97)00813-4"
}
@ARTICLE{Buchmuller:1986zs,
     AUTHOR       = "Buchm{\"u}ller, W. and Wyler, D.",
     TITLE        = "Constraints on {SU(5)}-type leptoquarks",
     JOURNAL      = "Phys. Lett. B",
     VOLUME       = "177",
     YEAR         = "1986",
     pages        = "377",
     SLACcitation  = "%%CITATION = PHLTA,B191,442;%%",
     doi          = "10.1016/0370-2693(86)90771-9"}
@Article{PTDR2,
     author    = "{CMS Collaboration}",
     title     = "{CMS} technical design report, volume {II}: {Physics}
                  performance",
     journal   = "J. Phys. G",
     volume    = "34",
     year      = "2007",
     pages     = "995",
     doi       = "10.1088/0954-3899/34/6/S01",
     SLACcitation  = "%%CITATION = JPHGB,G34,995;%%"
}
% PAS are now TECHREPORTS. Same for Notes. A formatted list of PASs is located in [svn]/utils/branches/dev/general/pasBib-tech.bib
@TECHREPORT{CMS-PAS-JME-10-003,
      AUTHOR      = "{CMS Collaboration}",
      COLLABORATION = {CMS},
      TITLE       = "Jet Performance in pp Collisions at $\sqrt{s}$=7 {TeV}",
      URL         = "http://cdsweb.cern.ch/record/1279362",
      TYPE     = "CMS Physics Analysis Summary",
      NUMBER      = "CMS-PAS-JME-10-003",
      YEAR        = "2010"
}
%SPIRES had this one as R. Adolphi, et. al. Wrong. Now corrected in InspireHEP.
@Article{Chatrchyan:2008zzk,
     author    = "Chatrchyan, S. and others",
     collaboration = "CMS",
     title     = "The {CMS} experiment at the {CERN} {LHC}",
     journal   = "JINST",
     volume    = "3",
     year      = "2008",
     pages     = "S08004",
     doi       = "10.1088/1748-0221/3/08/S08004",
     SLACcitation  = "%%CITATION = JINST,3,S08004;%%"
}
% An evergreen:
@article{Beringer:1900zz,
      author         = "{Particle Data Group} and Beringer, J. and others",
      title          = "{Review of Particle Physics}",
      journal        = "Phys. Rev. D",
      volume         = "86",
      pages          = "010001",
      doi            = "10.1103/PhysRevD.86.010001",
      year           = "2012",
      SLACcitation   = "%%CITATION = PHRVA,D86,010001;%%",
}
%
% An example of a document which only appears on arXiv. This one could alternatively be cited as a TECHREPORT using any of the various laboratory report numbers when hosted on a lab server:
% reportNumber   = "CERN-PH-EP-2010-095, FERMILAB-TM-2480-PPD, LEPEWWG-2010-01, TEVEWWG-2010-01, ALEPH-2010-001-PHYSICS-2010-001, CDF-NOTE-10338, D0-NOTE-6130, DELPHI-DELPHI-2010-001-PHYS-952, L3-NOTE-2837, OPAL-PR432, SLAC-PUB-14301",
%
@UNPUBLISHED{LEPewkfits,
     author = "{ALEPH, CDF, D0, DELPHI, L3, OPAL, SLD Collaborations,
                                    the LEP Electroweak Working Group, the Tevatron Electroweak Working Group, and the SLD Electroweak and Heavy Flavour Groups}",
     title     = "Precision electroweak measurements and constraints on
the {Standard Model}",
     URL       = "http://lepewwg.web.cern.ch/LEPEWWG",
     eprint    = "1012.2367",
     archivePrefix = "arXiv",
     primaryClass  =  "hep-ex",
     year  = "2010",
     SLACcitation  = "%%CITATION = 1012.2367;%%"
}
%
% A document hosted on a laboratory server
%
@TECHREPORT{Bertram:2000br,
  author = " Bertram, I. and Landsberg, G. and Linnemann, J. and Partridge, R. and Paterno, M. and Prosper, H. B.",
  title =  "A Recipe for the construction of confidence limits",
  institution = "Fermilab",
  number     = "{TM-2104}",
  url = "http://lss.fnal.gov/archive/test-tm/2000/fermilab-tm-2104.pdf",
  year = "2000"
 }
 %
 % A document included in Proceedings. PRL may want the ADDRESS field as well.
 %
@INPROCEEDINGS{RooStats,
  AUTHOR       = "Moneta, L. and Belasco, K. and  Cranmer, K. S. and Lazzaro, A. and Piparo, D. and Schott, G. and Verkerke, W. and Wolf, M. ",
  TITLE        = "The {R}oo{S}tats {P}roject",
  BOOKTITLE = "13$^\text{th}$ International Workshop on Advanced Computing and Analysis Techniques in Physics Research (ACAT2010)",
  YEAR         = "2010",
  PUBLISHER = "SISSA",
  NOTE = "{PoS(ACAT2010)057}",
  URL          = "http://pos.sissa.it/archive/conferences/093/057/ACAT2010_057.pdf",
  eprint = "1009.1003",
  primaryClass = "physics.data-an"
}
%
% CMS/ATLAS papers submitted but not yet accepted; The SLACcitation is not required. This is only for illustration, these are now published.
% Upon acceptance the note is modified and the DOI included (if available).
%

@article{Khachatryan:2015bnx,
      author         = "Khachatryan, Vardan and others",
      title          = "{Search for the standard model Higgs boson produced
                        through vector boson fusion and decaying to $b            
                        \overline{b}$}",
      collaboration  = "CMS",
      journal        = "Phys. Rev.",
      volume         = "D92",
      year           = "2015",
      number         = "3",
      pages          = "032008",
      doi            = "10.1103/PhysRevD.92.032008",
      eprint         = "1506.01010",
      archivePrefix  = "arXiv",
      primaryClass   = "hep-ex",
      reportNumber   = "CMS-14-004, CERN-PH-EP-2015-121, CMS-HIG-14-004",
      SLACcitation   = "%%CITATION = ARXIV:1506.01010;%%"                         
}
@techreport{CMS-PAS-MUO-10-002,
      title         = "{Performance of muon identification in pp collisions at
                       s**0.5 = 7 TeV}",
      institution   = "CERN",
      collaboration = "CMS Collaboration",
      address       = "Geneva",
      number        = "CMS-PAS-MUO-10-002",
      year          = "2010",
      reportNumber  = "CMS-PAS-MUO-10-002",
      url           = "http://cds.cern.ch/record/1279140",
}

@article{Chatrchyan:2012xi,
      author         = "Chatrchyan, Serguei and others",
      title          = "{Performance of CMS muon reconstruction in $pp$ collision
                        events at $\sqrt{s}=7$ TeV}",
      collaboration  = "CMS",
      journal        = "JINST",
      volume         = "7",
      year           = "2012",
      pages          = "P10002",
      doi            = "10.1088/1748-0221/7/10/P10002",
      eprint         = "1206.4071",
      archivePrefix  = "arXiv",
      primaryClass   = "physics.ins-det",
      reportNumber   = "CMS-MUO-10-004, CERN-PH-EP-2012-173",
      SLACcitation   = "%%CITATION = ARXIV:1206.4071;%%"                            
}
@TECHREPORT{CMS-PAS-PFT-09-001,
      COLLABORATION = "CMS",
      TITLE         = "Particle--flow event reconstruction in {CMS} and performance\
 for jets, taus, and {\MET}",
      AUTHOR        = "{CMS COLLABORATION}",
      URL           = "http://cdsweb.cern.ch/record/1194487",
      TYPE          = "CMS Physics Analysis Summary",
      NUMBER        = "CMS-PAS-PFT-09-001",
      INSTITUTION   = "CERN",
      YEAR          = "2009"
}
@TECHREPORT{CMS-PAS-PFT-10-001,
      COLLABORATION = "CMS",
      TITLE         = "Commissioning of the Particle-flow Event Reconstruction with\
 the first LHC collisions recorded in the CMS detector",
      AUTHOR        = "{CMS COLLABORATION}",
      URL           = "http://cdsweb.cern.ch/record/1247373",
      TYPE          = "CMS Physics Analysis Summary",
      NUMBER        = "CMS-PAS-PFT-10-001",
      INSTITUTION   = "CERN",
      YEAR          = "2010"
}
@article{Khachatryan:2015hwa,
      author         = "Khachatryan, Vardan and others",
      title          = "{Performance of Electron Reconstruction and Selection
                        with the CMS Detector in Proton-Proton Collisions at
                        $\sqrt{s}$ = 8  TeV}",
      collaboration  = "CMS",
      journal        = "JINST",
      volume         = "10",
      year           = "2015",
      number         = "06",
      pages          = "P06005",
      doi            = "10.1088/1748-0221/10/06/P06005",
      eprint         = "1502.02701",
      archivePrefix  = "arXiv",
      primaryClass   = "physics.ins-det",
      reportNumber   = "CMS-EGM-13-001, CERN-PH-EP-2015-004",
      SLACcitation   = "%%CITATION = ARXIV:1502.02701;%%"                                
}

@Unpublished{Khachatryan:2010mp,
     author    = "{CMS Collaboration}",
     collaboration = "CMS",
     title     = "Search for Pair Production of First-Generation Scalar Leptoquarks in pp Collisions at $\sqrt{s} = 7$ {TeV}",
     note  = "Submitted to \textit{Phys. Rev. Lett.}",
     eprint    = "1012.4031",
     archivePrefix = "arXiv",
     primaryClass  =  "hep-ex",
     year = "2010",
     SLACcitation  = "%%CITATION = 1012.4031;%%"
}
@Unpublished{CMS-PAPER-MUO-10-004,
     author    = "{CMS Collaboration}",
     collaboration = "CMS",
     title     = "Performance of CMS muon reconstruction in pp collision events at {$\sqrt{s} = 7$\TeV}",
     note  = "Submitted to \textit{J. Inst.}",
     eprint    = "1206.4071",
     archivePrefix = "arXiv",
     primaryClass  =  "physics.ins-det",
     year = "2012",
}
@Unpublished{ATLAS:2011aa,
        Archiveprefix = {arXiv},
        Author = {{ATLAS Collaboration}},
        Collaboration = {ATLAS},
        Eprint = {1112.2577},
        Note = {Submitted to \textit{Phys. Rev. Lett.}},
        Primaryclass = {hep-ex},
        Slaccitation = {%%CITATION = 1112.2577;%%},
        Title = {Search for the {H}iggs boson in the {$H\to$WW(*)$\to \ell^+ \nu \ell^- \bar{\nu}$} decay channel in pp collisions at $\sqrt{s}$ = 7 {TeV} with the {ATLAS} detector},
        Year = {2011}}
% Misc
@article{Cacciari:2005hq,
      author         = "Cacciari, Matteo and Salam, Gavin P.",
      title          = "{Dispelling the $N^{3}$ myth for the $k_{t}$ jet-finder}",
      journal        = "Phys. Lett. B",
      volume         = "641",
      pages          = "57",
      doi            = "10.1016/j.physletb.2006.08.037",
      year           = "2006",
      eprint         = "hep-ph/0512210",
      archivePrefix  = "arXiv",
      primaryClass   = "hep-ph",
      reportNumber   = "LPTHE-05-32",
      SLACcitation   = "%%CITATION = HEP-PH/0512210;%%",                            
}

@techreport{lumiUnc,
      title         = "{CMS Luminosity Measurements for the 2016 Data Taking
                       Period}",
      institution   = "CERN",
      collaboration = "CMS Collaboration",
      address       = "Geneva",
      number        = "CMS-PAS-LUM-17-001",
      year          = "2017",
      reportNumber  = "CMS-PAS-LUM-17-001",
      url           = "http://cds.cern.ch/record/2257069",
}

@misc{MuonsRun2,
AUTHOR       = "{CMS Muon POG}",
     Title    = "{Reference muon id, isolation and trigger efficiencies for Run-II}",
howpublished         = "\url{https://twiki.cern.ch/twiki/bin/viewauth/CMS/MuonReferenceEffsRun2}"
}

@article{Campbell:2014kua,
      author         = "Campbell, John M. and Ellis, R. Keith and Nason, Paolo
                        and Re, Emanuele",
      title          = "{Top-pair production and decay at NLO matched with parton
                        showers}",
      journal        = "JHEP",
      volume         = "04",
      year           = "2015",
      pages          = "114",
      doi            = "10.1007/JHEP04(2015)114",
      eprint         = "1412.1828",
      archivePrefix  = "arXiv",
      primaryClass   = "hep-ph",
      reportNumber   = "FERMILAB-PUB-14-504-T, OUTP-14-17P",
      SLACcitation   = "%%CITATION = ARXIV:1412.1828;%%"                                                                                                                                                                                              
}
@article{Campbell:2014kua,
      author         = "Campbell, John M. and Ellis, R. Keith and Nason, Paolo
                        and Re, Emanuele",
      title          = "{Top-pair production and decay at NLO matched with parton
                        showers}",
      journal        = "JHEP",
      volume         = "04",
      year           = "2015",
      pages          = "114",
      doi            = "10.1007/JHEP04(2015)114",
      eprint         = "1412.1828",
      archivePrefix  = "arXiv",
      primaryClass   = "hep-ph",
      reportNumber   = "FERMILAB-PUB-14-504-T, OUTP-14-17P",
      SLACcitation   = "%%CITATION = ARXIV:1412.1828;%%"                                                                                                                                                                                              
}


@article{Campbell:2014kua,
      author         = "Campbell, John M. and Ellis, R. Keith and Nason, Paolo
                        and Re, Emanuele",
      title          = "{Top-pair production and decay at NLO matched with parton
                        showers}",
      journal        = "JHEP",
      volume         = "04",
      year           = "2015",
      pages          = "114",
      doi            = "10.1007/JHEP04(2015)114",
      eprint         = "1412.1828",
      archivePrefix  = "arXiv",
      primaryClass   = "hep-ph",
      reportNumber   = "FERMILAB-PUB-14-504-T, OUTP-14-17P",
      SLACcitation   = "%%CITATION = ARXIV:1412.1828;%%"                                                                                                                                                                                              
}

@article{Gavin:2010az,
      author         = "Gavin, Ryan and Li, Ye and Petriello, Frank and
                        Quackenbush, Seth",
      title          = "{FEWZ 2.0: A code for hadronic Z production at
                        next-to-next-to-leading order}",
      journal        = "Comput. Phys. Commun.",
      volume         = "182",
      pages          = "2388",
      doi            = "10.1016/j.cpc.2011.06.008",
      year           = "2011",
      eprint         = "1011.3540",
      archivePrefix  = "arXiv",
      primaryClass   = "hep-ph",
      reportNumber   = "ANL-HEP-PR-10-60",
      SLACcitation   = "%%CITATION = ARXIV:1011.3540;%%",                                                                                                                                                                                             
}

@article{Li:2012wna,
      author         = "Li, Ye and Petriello, Frank",
      title          = "{Combining QCD and electroweak corrections to dilepton
                        production in FEWZ}",
      journal        = "Phys. Rev. D",
      volume         = "86",
      pages          = "094034",
      doi            = "10.1103/PhysRevD.86.094034",
      year           = "2012",
      eprint         = "1208.5967",
      archivePrefix  = "arXiv",
      primaryClass   = "hep-ph",
      reportNumber   = "ANL-HEP-PR-12-68",
      SLACcitation   = "%%CITATION = ARXIV:1208.5967;%%",                                                                                                                                                                                             
}
@article{Khachatryan:2015pea,
      author         = "Khachatryan, Vardan and others",
      title          = "{Event generator tunes obtained from underlying event and
                        multiparton scattering measurements}",
      collaboration  = "CMS",
      journal        = "Eur. Phys. J. C",
      volume         = "76",
      year           = "2016",
      number         = "3",
      pages          = "155",
      doi            = "10.1140/epjc/s10052-016-3988-x",
      eprint         = "1512.00815",
      archivePrefix  = "arXiv",
      primaryClass   = "hep-ex",
      reportNumber   = "CMS-GEN-14-001, CERN-PH-EP-2015-291",
      SLACcitation   = "%%CITATION = ARXIV:1512.00815;%%"                                                                                                                                                                                                                    
}
@article{Sjostrand:2007gs,
      author         = "Sjostrand, Torbjorn and Mrenna, Stephen and Skands, Peter
                        Z.",
      title          = "{A Brief Introduction to PYTHIA 8.1}",
      journal        = "Comput. Phys. Commun.",
      volume         = "178",
      year           = "2008",
      pages          = "852-867",
      doi            = "10.1016/j.cpc.2008.01.036",
      eprint         = "0710.3820",
      archivePrefix  = "arXiv",
      primaryClass   = "hep-ph",
      reportNumber   = "CERN-LCGAPP-2007-04, LU-TP-07-28,
                        FERMILAB-PUB-07-512-CD-T",
      SLACcitation   = "%%CITATION = ARXIV:0710.3820;%%"                                                                                                                                                                                                                     
}


@article{Frederix:2012ps,
      author         = "Frederix, Rikkert and Frixione, Stefano",
      title          = "{Merging meets matching in MC@NLO}",
      journal        = "JHEP",
      volume         = "12",
      year           = "2012",
      pages          = "061",
      doi            = "10.1007/JHEP12(2012)061",
      eprint         = "1209.6215",
      archivePrefix  = "arXiv",
      primaryClass   = "hep-ph",
      reportNumber   = "CERN-PH-TH-2012-247, ZU-TH-21-12",
      SLACcitation   = "%%CITATION = ARXIV:1209.6215;%%"                                                                                                                                                                                                                     
}


@article{Alioli:2009je,
      author         = "Alioli, Simone and Nason, Paolo and Oleari, Carlo and Re,
                        Emanuele",
      title          = "{NLO single-top production matched with shower in POWHEG:
                        s- and t-channel contributions}",
      journal        = "JHEP",
      volume         = "09",
      year           = "2009",
      pages          = "111",
      doi            = "10.1007/JHEP02(2010)011, 10.1088/1126-6708/2009/09/111",
      note           = "[Erratum: JHEP02,011(2010)]",
      eprint         = "0907.4076",
      archivePrefix  = "arXiv",
      primaryClass   = "hep-ph",
      SLACcitation   = "%%CITATION = ARXIV:0907.4076;%%"                                                                                                                                                                                              
}

@article{Campbell:2014kua,
      author         = "Campbell, John M. and Ellis, R. Keith and Nason, Paolo
                        and Re, Emanuele",
      title          = "{Top-pair production and decay at NLO matched with parton
                        showers}",
      journal        = "JHEP",
      volume         = "04",
      year           = "2015",
      pages          = "114",
      doi            = "10.1007/JHEP04(2015)114",
      eprint         = "1412.1828",
      archivePrefix  = "arXiv",
      primaryClass   = "hep-ph",
      reportNumber   = "FERMILAB-PUB-14-504-T, OUTP-14-17P",
      SLACcitation   = "%%CITATION = ARXIV:1412.1828;%%"                                                                                                                                                                                              
}




@misc{vhbbAN, 
AUTHOR       = "{Michele de Gruttola, Caterina Vernieri, Pierluigi Bortignon, David Curry, Ivan Furic, Jacobo Konigsberg, Sean-Jiun Wang, Paolo Azzurri, Tommaso Boccali, Andrea Rizzi, Silvio Donato, Stephane Brunet Cooperstein , James Olsen, Christopher Palmer, Lorenzo Bianchini, Christoph Grab, Gael Ludovic Perrin, and Luca Perrozzi}",
     Title    = "{Search for the Standard Model Higgs Boson Produced in Association with W and Z and Decaying to Bottom Quarks}",
howpublished         = "\url{http://cms.cern.ch/iCMS/jsp/db_notes/noteInfo.jsp?cmsnoteid=CMS\%20AN-2015/168}"
}


@misc{egSF,
AUTHOR       = "{Chris Palmer}",
     Title    = "{VHbb Electron Trigger and ID+ISO SFs for 2016 data}",
howpublished         = "\url{https://indico.cern.ch/event/604949/contributions/2543520/attachments/1439974/2216426/VHbb_TnP_SFs_egamma_april.pdf#search=vhbb\%20AND\%20cerntaxonomy\%3A\%22Indico\%2FExperiments\%2FCMS\%20meetings\%2FPH\%20\%2D\%20Physics\%2FEgamma\%22}"
}


@misc{JetMETgroup,
AUTHOR       = "{CMS JetMET group}",
     Title    = "{Jet Energy Resolution}",
howpublished         = "\url{https://twiki.cern.ch/twiki/bin/viewauth/CMS/JetResolution}"
}


@misc{MissingETRun2Corrections,
AUTHOR       = "{CMS MET group}",
     Title    = "{MET Corrections and Uncertainties for Run-II}",
howpublished         = "\url{https://twiki.cern.ch/twiki/bin/viewauth/CMS/MissingETRun2Corrections}"
}


@misc{MissingETOptionalFiltersRun2,
AUTHOR       = "{CMS MET group}",
     Title    = "{MET Filter Recommendations for Run II}",
howpublished         = "\url{https://twiki.cern.ch/twiki/bin/view/CMS/MissingETOptionalFiltersRun2}"
}




@misc{elMVA,
AUTHOR       = "{CMS EGM POG}",
     Title    = "{Multivariate Electron Identification for Run2}",
howpublished         = "\url{https://twiki.cern.ch/twiki/bin/viewauth/CMS/Multivari\
ateElectronIdentificationRun2}"
}
@InProceedings{Hocker:2007ht,
author  =       "Helge Voss and Andreas H{\"o}cker and J{\"o}rg Stelzer and Frerik \
Tegenfeldt",
booktitle = "XIth International Workshop on Advanced Computing and Analysis Techniq\
ues in Physics Research (ACAT)",
title    =      "{TMVA}, the Toolkit for Multivariate Data Analysis with {ROOT}",
year     =      "2007",
pages    =      "40",
url      =      "http://pos.sissa.it/archive/conferences/050/040/ACAT_040.pdf",
eprint   =      "physics/0703039",
archivePrefix    =      "arXiv",
SLACcitation     =      "%%CITATION = PHYSICS/0703039;%%"                           
}

@misc{HiggsCombine,
AUTHOR       = "{CMS Higgs WG}",
     Title    = "{Documentation of the RooStats -based statistics tools for Higgs PAG}",
     howpublished         = "\url{https://twiki.cern.ch/twiki/bin/view/CMS/SWGuideHiggsAnalysisCombinedLimit}"
}


@misc{CombinedLimit,
AUTHOR       = "{CMS Higgs WG}",
     Title    = "{Binned shape analysis with the Higgs Combination Tool}",
     howpublished         = "\url{https://twiki.cern.ch/twiki/bin/view/CMS/SWGuideHiggsAnalysisCombinedLimit#Binned_shape_analysis}"
}



@misc{bbbb,
AUTHOR       = "{bbbb team}",
     Title    = "{Search for resonant pair production of Higgs bosons decaying to bottom quark-antiquark pairs in proton-proton collisions at 13 TeV}",
     howpublished         = "\url{http://cms.cern.ch/iCMS/analysisadmin/get?analysis=HIG-17-009-pas-v5.pdf}"
}

@Article{Cacciari:2008gp,
     AUTHOR    = "Cacciari, Matteo and Salam, Gavin P. and Soyez, Gregory",
     TITLE     = "The anti-$k_t$ jet clustering algorithm",
     JOURNAL   = "JHEP",
     VOLUME    = "04",
     YEAR      = "2008",
     PAGES     = "063",
     doi       = "10.1088/1126-6708/2008/04/063",
     eprint         = "0802.1189",
     archivePrefix  = "arXiv",
     primaryClass   = "hep-ex",
}
@Article{Sjostrand:2006za,
      author         = "Sj{\"o}strand, Torbj{\"o}rn and Mrenna, Stephen and Skands, Peter",
      title          = "{PYTHIA} 6.4 physics and manual",
      journal        = "JHEP",
      volume         = "05",
      pages          = "026",
      doi            = "10.1088/1126-6708/2006/05/026",
      year           = "2006",
      eprint         = "hep-ph/0603175",
      archivePrefix  = "arXiv",
      primaryClass   = "hep-ph",
      reportNumber   = "FERMILAB-PUB-06-052-CD-T, LU-TP-06-13",
      SLACcitation   = "%%CITATION = HEP-PH/0603175;%%",
}
@INCOLLECTION{nu2,
    author        = "Giunti, C. and Laveder, M.",
    title         = "Neutrino mixing",
    booktitle     = "Developments in Quantum Physics",
    editor        = "Columbus, F. and Krasnoholovets, V.",
    publisher     = "Nova Science Publishers, Inc.",
    eprint        = "hep-ph/0310238",
    archivePrefix = "arXiv",
    primaryClass  = "hep-ph",
    year          = "2004",
    isbn          = "1-59454-003-9"
}
