@book{Feynman_atoms,
      author        = "Feynman, Richard Phillips and Leighton, Robert Benjamin
                       and Sands, Matthew",
      title         = "{The Feynman lectures on physics; New millennium ed.}",
      publisher     = "Basic Books",
      address       = "New York, NY",
      year          = "2010",
      url           = "https://cds.cern.ch/record/1494701",
      note          = "Originally published 1963-1965",
}

@article{DIMOPOULOS1982133,
title = "Proton decay in supersymmetric models",
journal = "Physics Letters B",
volume = "112",
number = "2",
pages = "133 - 136",
year = "1982",
issn = "0370-2693",
doi = "https://doi.org/10.1016/0370-2693(82)90313-6",
url = "http://www.sciencedirect.com/science/article/pii/0370269382903136",
author = "Savas Dimopoulos and Stuart Raby and Frank Wilczek"
}

@book{griffiths_hep,
      author        = "Griffiths, David J",
      title         = "{Introduction to elementary particles; 2nd rev. version}",
      publisher     = "Wiley",
      address       = "New York, NY",
      series        = "Physics textbook",
      year          = "2008",
      url           = "https://cds.cern.ch/record/111880",
}

@article {DellaNegra1560,
	author = {Della Negra, M. and Jenni, P. and Virdee, T. S.},
	title = {Journey in the Search for the Higgs Boson: The ATLAS and CMS Experiments at the Large Hadron Collider},
	volume = {338},
	number = {6114},
	pages = {1560--1568},
	year = {2012},
	doi = {10.1126/science.1230827},
	publisher = {American Association for the Advancement of Science},
	abstract = {The search for the standard model Higgs boson at the Large Hadron Collider (LHC) started more than two decades ago. Much innovation was required and diverse challenges had to be overcome during the conception and construction of the LHC and its experiments. The ATLAS and CMS Collaboration experiments at the LHC have discovered a heavy boson that could complete the standard model of particle physics.},
	issn = {0036-8075},
	URL = {http://science.sciencemag.org/content/338/6114/1560},
	eprint = {http://science.sciencemag.org/content/338/6114/1560.full.pdf},
	journal = {Science}
}

@article{aps_einstein,
    author = "Jennifer Ouellette",
    date    = {2015-03-12},
    journal = {APS},
    year          = "2015",
    title = "Einstein's quest for a unified theory",
    url  = "https://www.aps.org/publications/apsnews/200512/history.cfm",
    addendum = "(December 2005 (Volume 14, Number 11))",
    keywords = "This Month in Physics History"
}
 
@book{Davis:1989898,
      author        = "Davis, E A and Falconer, Isabel",
      title         = "{J.J. Thompson and the discovery of the electron}",
      publisher     = "Taylor and Francis",
      address       = "Hoboken, NJ",
      year          = "2002",
      url           = "http://cds.cern.ch/record/1989898",
}

@Inbook{Piccioni1996,
author="Piccioni, Oreste",
title="The Discovery of the Muon",
bookTitle="History of Original Ideas and Basic Discoveries in Particle Physics",
year="1996",
publisher="Springer US",
address="Boston, MA",
pages="143--162",
abstract="Half a century after the surprising result of the experiments done in Rome by Conversi and myself [1,2] at the Lyceum Virgilio and later on with Pancini [3,4] at the University of Rome, it is perhaps interesting, and maybe useful, to identify the ingredients that brought about the discovery of the muon and of the leptonic property.",
isbn="978-1-4613-1147-8",
doi="10.1007/978-1-4613-1147-8_10",
url="https://doi.org/10.1007/978-1-4613-1147-8_10"
}

@article{PhysRevLett.9.36,
  title = {Observation of High-Energy Neutrino Reactions and the Existence of Two Kinds of Neutrinos},
  author = {Danby, G. and Gaillard, J-M. and Goulianos, K. and Lederman, L. M. and Mistry, N. and Schwartz, M. and Steinberger, J.},
  journal = {Phys. Rev. Lett.},
  volume = {9},
  issue = {1},
  pages = {36--44},
  numpages = {0},
  year = {1962},
  month = {Jul},
  publisher = {American Physical Society},
  doi = {10.1103/PhysRevLett.9.36},
  url = {https://link.aps.org/doi/10.1103/PhysRevLett.9.36}
}

 @article{PhysRevLett.35.1489,
  title = {Evidence for Anomalous Lepton Production in ${e}^{+}\ensuremath{-}{e}^{\ensuremath{-}}$ Annihilation},
  author = {Perl, M. L. and Abrams, G. S. and Boyarski, et al },
  journal = {Phys. Rev. Lett.},
  volume = {35},
  issue = {22},
  pages = {1489--1492},
  numpages = {0},
  year = {1975},
  month = {Dec},
  publisher = {American Physical Society},
  doi = {10.1103/PhysRevLett.35.1489},
  url = {https://link.aps.org/doi/10.1103/PhysRevLett.35.1489}
}

@article{Kodama:2000mp,
      author         = "Kodama, K. and others",
      title          = "{Observation of tau neutrino interactions}",
      collaboration  = "DONUT",
      journal        = "Phys. Lett.",
      volume         = "B504",
      year           = "2001",
      pages          = "218-224",
      doi            = "10.1016/S0370-2693(01)00307-0",
      eprint         = "hep-ex/0012035",
      archivePrefix  = "arXiv",
      primaryClass   = "hep-ex",
      reportNumber   = "FERMILAB-PUB-00-335-E",
      SLACcitation   = "%%CITATION = HEP-EX/0012035;%%"
}

@article{Bilenky:2014ema,
      author         = "Bilenky, S. M.",
      title          = "{Neutrino in Standard Model and beyond}",
      journal        = "Phys. Part. Nucl.",
      volume         = "46",
      year           = "2015",
      number         = "4",
      pages          = "475-496",
      doi            = "10.1134/S1063779615040024",
      eprint         = "1501.00232",
      archivePrefix  = "arXiv",
      primaryClass   = "hep-ph",
      SLACcitation   = "%%CITATION = ARXIV:1501.00232;%%"
}

@book{Chandrasekhar:1187874,
      author        = "Chandrasekhar, S",
      title         = "{Newton's principia for the common reader}",
      publisher     = "Oxford Univ.",
      address       = "Oxford",
      year          = "2003",
      url           = "http://cds.cern.ch/record/1187874",
      note          = "The book can be consulted by contacting: PH-AID: Wallet,
                       Lionel",
}
 
 @book{Gutfreund:1980674,
      author        = "Gutfreund, Hanoch and Renn, Jürgen",
      title         = "{The road to relativity: the history and meaning of
                       Einstein's "The foundation of general relativity" :
                       featuring the original manuscript of Einstein's
                       masterpiece}",
      publisher     = "Princeton University Press",
      address       = "Princeton, NJ",
      month         = "Apr",
      year          = "2015",
      url           = "https://cds.cern.ch/record/1980674",
}
 
 @book{butterworth2014smashing,
  title={Smashing Physics},
  author={Butterworth, J.},
  isbn={9781472210319},
  lccn={2014431348},
  url={https://books.google.ch/books?id=ii89nwEACAAJ},
  year={2014},
  publisher={Headline Publishing Group}
}

@book{Cottingham:1026625,
      author        = "Cottingham, W N and Greenwood, D A",
      title         = "{An Introduction to the Standard Model of Particle
                       Physics; 2nd ed.}",
      publisher     = "Cambridge Univ. Press",
      address       = "Cambridge",
      year          = "2007",
      url           = "https://cds.cern.ch/record/1026625",
}
 
@online{wolfram,
    author = "Eric W. Weisstein",
    title = "Fundamental forces",
    url  = "http://scienceworld.wolfram.com/physics/FundamentalForces.html",
    addendum = "",
    keywords = "Electromagnetic Force, Fifth Force, Gravitational Force, Particle Decay, Standard Model, Strong Force, Weak Force"
}
 
@online{Bender,
    author = "Carl Bender",
    title = "Mathematical physics",
    url  = "https://www.perimeterinstitute.ca/video-library/collection/11/12-psi-mathematical-physics",
    addendum = "2011/2012",
    keywords = "approximations, dominant balance"
}

@article{qed_fathers,
 ISSN = {00070882, 14643537},
 title          = "{QED and the Men Who Made It: Dyson, Feynman, Schwinger, and Tomonaga by Silvan S. Schweber}",
 URL = {http://www.jstor.org/stable/687905},
 author = {Andrew Wayne},
 journal = {The British Journal for the Philosophy of Science},
 number = {4},
 pages = {624--627},
 publisher = {[Oxford University Press, The British Society for the Philosophy of Science]},
 reviewed-author = {Silvan S. Schweber},
 volume = {46},
 year = {1995}
}

@article{pdg,
      author         = "Patrignani, C. and others",
      title          = "{Review of Particle Physics}",
      collaboration  = "Particle Data Group",
      journal        = "Chin. Phys.",
      volume         = "C40",
      year           = "2016",
      number         = "10",
      pages          = "100001",
      doi            = "10.1088/1674-1137/40/10/100001",
      SLACcitation   = "%%CITATION = CHPHD,C40,100001;%%"
}

@article{Mangano:454171,
      author        = "Mangano, Michelangelo L",
      title         = "{Introduction to QCD}",
      number        = "CERN-OPEN-2000-255",
      year          = "1999",
      reportNumber  = "CERN-OPEN-2000-255",
      url           = "https://cds.cern.ch/record/454171",
}

@online{strassler,
    author = "Matt Strassler",
    title = "Of Particular Significance: Conversations About Science with Theoretical Physicist Matt Strassler",
    url  = "https://profmattstrassler.com/articles-and-posts/particle-physics-basics/the-known-apparently-elementary-particles/the-known-particles-if-the-higgs-field-were-zero/",
    addendum = "2011"
}

@article{Glashow:1961tr,
      author         = "Glashow, S. L.",
      title          = "{Partial Symmetries of Weak Interactions}",
      journal        = "Nucl. Phys.",
      volume         = "22",
      year           = "1961",
      pages          = "579-588",
      doi            = "10.1016/0029-5582(61)90469-2",
      SLACcitation   = "%%CITATION = NUPHA,22,579;%%"
}

@article{PhysRevLett.13.321,
  title = {Broken Symmetry and the Mass of Gauge Vector Mesons},
  author = {Englert, F. and Brout, R.},
  journal = {Phys. Rev. Lett.},
  volume = {13},
  issue = {9},
  pages = {321--323},
  numpages = {0},
  year = {1964},
  month = {Aug},
  publisher = {American Physical Society},
  doi = {10.1103/PhysRevLett.13.321},
  url = {https://link.aps.org/doi/10.1103/PhysRevLett.13.321}
}

@article{PhysRevLett.13.508,
  title = {Broken Symmetries and the Masses of Gauge Bosons},
  author = {Higgs, Peter W.},
  journal = {Phys. Rev. Lett.},
  volume = {13},
  issue = {16},
  pages = {508--509},
  numpages = {0},
  year = {1964},
  month = {Oct},
  publisher = {American Physical Society},
  doi = {10.1103/PhysRevLett.13.508},
  url = {https://link.aps.org/doi/10.1103/PhysRevLett.13.508}
}

@article{PhysRevLett.13.585,
  title = {Global Conservation Laws and Massless Particles},
  author = {Guralnik, G. S. and Hagen, C. R. and Kibble, T. W. B.},
  journal = {Phys. Rev. Lett.},
  volume = {13},
  issue = {20},
  pages = {585--587},
  numpages = {0},
  year = {1964},
  month = {Nov},
  publisher = {American Physical Society},
  doi = {10.1103/PhysRevLett.13.585},
  url = {https://link.aps.org/doi/10.1103/PhysRevLett.13.585}
}

@book{who_cares,
  title={Who cares about particle physics? : making sense of the Higgs
  boson, the Large Hadron Collider and CERN},
  author={Gagnon, Pauline},
  isbn={9912241649802121},
  lccn={9912241649802121},
  url={https://cds.cern.ch/record/2212128},
  year={2016},
  publisher={Oxford University Press}
}

@article{Mozer:2016wzi,
      author         = "Mozer, Matthias U.",
      title          = "{Electroweak Physics at the LHC}",
      journal        = "Springer Tracts Mod. Phys.",
      volume         = "267",
      year           = "2016",
      pages          = "1-115",
      doi            = "10.1007/978-3-319-30381-9",
      SLACcitation   = "%%CITATION = STPHB,267,1;%%"
}

@book{Wolf:2015kua,
      author         = "Wolf, Roger",
      title          = "{The Higgs Boson Discovery at the Large Hadron Collider}",
      publisher      = "Springer",
      year           = "2015",
      journal        = "Springer Tracts Mod. Phys.",
      volume         = "264",
      doi            = "10.1007/978-3-319-18512-5",
      ISBN           = "9783319185125, 9783319185118",
      SLACcitation   = "%%CITATION = STPHB,264,;%%"
}

@article{Weinberg:799984,
      author        = "Weinberg, Steven",
      title         = "{The Making of the Standard Model}",
      journal       = "Eur. Phys. J. C",
      number        = "hep-ph/0401010",
      volume        = "34",
      pages         = "5-13. 21 p. ; streaming video",
      year          = "2003",
      reportNumber  = "hep-ph/0401010",
      url           = "https://cds.cern.ch/record/799984",
}

@thesis{MonroyMontanez:2639240,
      author        = "Monroy Montanez, Jose Andres and Bloom, Kenneth and
                       Dominguez, Aaron",
      title         = "{Search for production of a Higgs boson and a single Top
                       quark in multilepton final states in pp collisions at $\sqrt{s}=$ 13 TeV}",
      month         = "Jul",
      year          = "2018",
      reportNumber  = "CERN-THESIS-2018-161",
      url           = "https://cds.cern.ch/record/2639240",
      note          = "Presented 23 Jul 2018",
}

@article{Sirunyan:2018iwt,
      author         = "Sirunyan, Albert M and others",
      title          = "{Search for Higgs boson pair production in the
                        $\gamma\gamma\mathrm{b\overline{b}}$ final state in pp
                        collisions at $\sqrt{s}=$ 13 TeV}",
      collaboration  = "CMS",
      year           = "2018",
      eprint         = "1806.00408",
      archivePrefix  = "arXiv",
      primaryClass   = "hep-ex",
      reportNumber   = "CMS-HIG-17-008, CERN-EP-2017-343",
      SLACcitation   = "%%CITATION = ARXIV:1806.00408;%%"
}

@article{Dolan:2012ac,
      author         = "Dolan, Matthew J. and Englert, Christoph and Spannowsky,
                        Michael",
      title          = "{New Physics in LHC Higgs boson pair production}",
      journal        = "Phys. Rev.",
      volume         = "D87",
      year           = "2013",
      number         = "5",
      pages          = "055002",
      doi            = "10.1103/PhysRevD.87.055002",
      eprint         = "1210.8166",
      archivePrefix  = "arXiv",
      primaryClass   = "hep-ph",
      reportNumber   = "IPPP-12-80, DCPT-12-160",
      SLACcitation   = "%%CITATION = ARXIV:1210.8166;%%"
}

@article{Huang:2017nnw,
      author         = "Huang, Peisi and Joglekar, Aniket and Li, Min and Wagner,
                        Carlos E. M.",
      title          = "{Corrections to di-Higgs boson production with light
                        stops and modified Higgs couplings}",
      journal        = "Phys. Rev.",
      volume         = "D97",
      year           = "2018",
      number         = "7",
      pages          = "075001",
      doi            = "10.1103/PhysRevD.97.075001",
      eprint         = "1711.05743",
      archivePrefix  = "arXiv",
      primaryClass   = "hep-ph",
      reportNumber   = "EFI-17-23",
      SLACcitation   = "%%CITATION = ARXIV:1711.05743;%%"
}

@article{Kanemura:2016tan,
      author         = "Kanemura, Shinya and Kaneta, Kunio and Machida, Naoki and
                        Odori, Shinya and Shindou, Tetsuo",
      title          = "{Single and double production of the Higgs boson at
                        hadron and lepton colliders in minimal composite Higgs
                        models}",
      journal        = "Phys. Rev.",
      volume         = "D94",
      year           = "2016",
      number         = "1",
      pages          = "015028",
      doi            = "10.1103/PhysRevD.94.015028",
      eprint         = "1603.05588",
      archivePrefix  = "arXiv",
      primaryClass   = "hep-ph",
      reportNumber   = "UT-HET-111, CTPU-16-05, KU-PH-020",
      SLACcitation   = "%%CITATION = ARXIV:1603.05588;%%"
}

@article{Oliveira:2014kla,
      author         = "Oliveira, Alexandra",
      title          = "{Gravity particles from Warped Extra Dimensions,
                        predictions for LHC}",
      year           = "2014",
      eprint         = "1404.0102",
      archivePrefix  = "arXiv",
      primaryClass   = "hep-ph",
      SLACcitation   = "%%CITATION = ARXIV:1404.0102;%%"
}

@article{Randall:1999ee,
      author         = "Randall, Lisa and Sundrum, Raman",
      title          = "{A Large mass hierarchy from a small extra dimension}",
      journal        = "Phys. Rev. Lett.",
      volume         = "83",
      year           = "1999",
      pages          = "3370-3373",
      doi            = "10.1103/PhysRevLett.83.3370",
      eprint         = "hep-ph/9905221",
      archivePrefix  = "arXiv",
      primaryClass   = "hep-ph",
      reportNumber   = "MIT-CTP-2860, PUPT-1860, BUHEP-99-9",
      SLACcitation   = "%%CITATION = HEP-PH/9905221;%%"
}

@article{Uzawa:1999pg,
      author         = "Uzawa, Kunihito and Morisawa, Yoshiyuki and Mukohyama,
                        Shinji",
      title          = "{Excitation of Kaluza-Klein gravitational mode}",
      journal        = "Phys. Rev.",
      volume         = "D62",
      year           = "2000",
      pages          = "064011",
      doi            = "10.1103/PhysRevD.62.064011",
      eprint         = "gr-qc/9912108",
      archivePrefix  = "arXiv",
      primaryClass   = "gr-qc",
      SLACcitation   = "%%CITATION = GR-QC/9912108;%%"
}

@article{Davoudiasl:1999jd,
      author         = "Davoudiasl, H. and Hewett, J. L. and Rizzo, T. G.",
      title          = "{Phenomenology of the Randall-Sundrum Gauge Hierarchy
                        Model}",
      journal        = "Phys. Rev. Lett.",
      volume         = "84",
      year           = "2000",
      pages          = "2080",
      doi            = "10.1103/PhysRevLett.84.2080",
      eprint         = "hep-ph/9909255",
      archivePrefix  = "arXiv",
      primaryClass   = "hep-ph",
      reportNumber   = "SLAC-PUB-8241",
      SLACcitation   = "%%CITATION = HEP-PH/9909255;%%"
}

@article{Forger:2003ut,
      author         = "Forger, Michael and Romer, Hartmann",
      title          = "{Currents and the energy momentum tensor in classical
                        field theory: A Fresh look at an old problem}",
      journal        = "Annals Phys.",
      volume         = "309",
      year           = "2004",
      pages          = "306-389",
      doi            = "10.1016/j.aop.2003.08.011",
      eprint         = "hep-th/0307199",
      archivePrefix  = "arXiv",
      primaryClass   = "hep-th",
      reportNumber   = "THEP-03-10, RT-MAP-0301",
      SLACcitation   = "%%CITATION = HEP-TH/0307199;%%"
}

@article{Chen:2014xra,
      author         = "Chen, Chuan-Ren and Low, Ian",
      title          = "{Double take on new physics in double Higgs boson
                        production}",
      journal        = "Phys. Rev.",
      volume         = "D90",
      year           = "2014",
      number         = "1",
      pages          = "013018",
      doi            = "10.1103/PhysRevD.90.013018",
      eprint         = "1405.7040",
      archivePrefix  = "arXiv",
      primaryClass   = "hep-ph",
      SLACcitation   = "%%CITATION = ARXIV:1405.7040;%%"
}

@article{Contino:2012xk,
      author         = "Contino, Roberto and Ghezzi, Margherita and Moretti,
                        Mauro and Panico, Giuliano and Piccinini, Fulvio and
                        Wulzer, Andrea",
      title          = "{Anomalous Couplings in Double Higgs Production}",
      journal        = "JHEP",
      volume         = "08",
      year           = "2012",
      pages          = "154",
      doi            = "10.1007/JHEP08(2012)154",
      eprint         = "1205.5444",
      archivePrefix  = "arXiv",
      primaryClass   = "hep-ph",
      SLACcitation   = "%%CITATION = ARXIV:1205.5444;%%"
}

@book{Sardanashvily:2143630,
      author        = "Sardanashvily, Gennadi",
      title         = "{Noether's theorems: applications in mechanics and field
                       theory}",
      publisher     = "Springer",
      address       = "Paris",
      series        = "Atlantis studies in variational geometry",
      year          = "2016",
      url           = "https://cds.cern.ch/record/2143630",
}

@book{Sadenius,
      author        = "Schörner-Sadenius, Thomas",
      title         = "{The Large Hadron Collider: harvest of run 1}",
      publisher     = "Springer",
      address       = "Cham",
      year          = "2015",
      url           = "https://cds.cern.ch/record/2000276",
}

@proceedings{LHC1984,
      title         = "{Large Hadron Collider in the LEP Tunnel}",
      organization  = "CERN",
      publisher     = "CERN",
      address       = "Geneva",
      year          = "1984",
      url           = "https://cds.cern.ch/record/154938",
}

@article{Evans,
      author        = "Evans, Lyndon R and Bryant, Philip",
      title         = "{LHC Machine}",
      journal       = "JINST",
      volume        = "3",
      pages         = "S08001. 164 p",
      year          = "2008",
      url           = "https://cds.cern.ch/record/1129806",
      note          = "This report is an abridged version of the LHC Design
                       Report (CERN-2004-003)",
}

@techreport{Eggert:260711,
      author        = "Eggert, Karsten and Honkavaara, K and Morsch, Andreas",
      title         = "{Luminosity considerations for the LHC}",
      institution   = "CERN",
      address       = "Geneva",
      number        = "CERN-AT-94-04-DI. CERN-LHC-Note-263. LHC-NOTE-263",
      month         = "Feb",
      year          = "1994",
      url           = "http://cds.cern.ch/record/260711",
}

@article{Gröbner:356437,
      author        = "Gröbner, Oswald",
      title         = "{The LHC Vacuum System}",
      number        = "LHC-Project-Report-181. CERN-LHC-Project-Report-181",
      pages         = "5 p",
      month         = "May",
      year          = "1998",
      reportNumber  = "LHC-Project-Report-181",
      url           = "http://cds.cern.ch/record/356437",
}