@book{Feynman_atoms,
      author        = "Feynman, Richard Phillips and Leighton, Robert Benjamin
                       and Sands, Matthew",
      title         = "{The Feynman lectures on physics; New millennium ed.}",
      publisher     = "Basic Books",
      address       = "New York, NY",
      year          = "2010",
      url           = "https://cds.cern.ch/record/1494701",
      note          = "Originally published 1963-1965",
}

@article{DIMOPOULOS1982133,
title = "Proton decay in supersymmetric models",
journal = "Physics Letters B",
volume = "112",
number = "2",
pages = "133 - 136",
year = "1982",
issn = "0370-2693",
doi = "https://doi.org/10.1016/0370-2693(82)90313-6",
url = "http://www.sciencedirect.com/science/article/pii/0370269382903136",
author = "Savas Dimopoulos and Stuart Raby and Frank Wilczek"
}

@book{griffiths_hep,
      author        = "Griffiths, David J",
      title         = "{Introduction to elementary particles; 2nd rev. version}",
      publisher     = "Wiley",
      address       = "New York, NY",
      series        = "Physics textbook",
      year          = "2008",
      url           = "https://cds.cern.ch/record/111880",
}

@article {DellaNegra1560,
	author = {Della Negra, M. and Jenni, P. and Virdee, T. S.},
	title = {Journey in the Search for the Higgs Boson: The ATLAS and CMS Experiments at the Large Hadron Collider},
	volume = {338},
	number = {6114},
	pages = {1560--1568},
	year = {2012},
	doi = {10.1126/science.1230827},
	publisher = {American Association for the Advancement of Science},
	abstract = {The search for the standard model Higgs boson at the Large Hadron Collider (LHC) started more than two decades ago. Much innovation was required and diverse challenges had to be overcome during the conception and construction of the LHC and its experiments. The ATLAS and CMS Collaboration experiments at the LHC have discovered a heavy boson that could complete the standard model of particle physics.},
	issn = {0036-8075},
	URL = {http://science.sciencemag.org/content/338/6114/1560},
	eprint = {http://science.sciencemag.org/content/338/6114/1560.full.pdf},
	journal = {Science}
}

@article{aps_einstein,
    author = "Jennifer Ouellette",
    date    = {2015-03-12},
    journal = {APS},
    year          = "2015",
    title = "Einstein's quest for a unified theory",
    url  = "https://www.aps.org/publications/apsnews/200512/history.cfm",
    addendum = "(December 2005 (Volume 14, Number 11))",
    keywords = "This Month in Physics History"
}
 
@book{Davis:1989898,
      author        = "Davis, E A and Falconer, Isabel",
      title         = "{J.J. Thompson and the discovery of the electron}",
      publisher     = "Taylor and Francis",
      address       = "Hoboken, NJ",
      year          = "2002",
      url           = "http://cds.cern.ch/record/1989898",
}

@Inbook{Piccioni1996,
author="Piccioni, Oreste",
title="The Discovery of the Muon",
bookTitle="History of Original Ideas and Basic Discoveries in Particle Physics",
year="1996",
publisher="Springer US",
address="Boston, MA",
pages="143--162",
abstract="Half a century after the surprising result of the experiments done in Rome by Conversi and myself [1,2] at the Lyceum Virgilio and later on with Pancini [3,4] at the University of Rome, it is perhaps interesting, and maybe useful, to identify the ingredients that brought about the discovery of the muon and of the leptonic property.",
isbn="978-1-4613-1147-8",
doi="10.1007/978-1-4613-1147-8_10",
url="https://doi.org/10.1007/978-1-4613-1147-8_10"
}

@article{PhysRevLett.9.36,
  title = {Observation of High-Energy Neutrino Reactions and the Existence of Two Kinds of Neutrinos},
  author = {Danby, G. and Gaillard, J-M. and Goulianos, K. and Lederman, L. M. and Mistry, N. and Schwartz, M. and Steinberger, J.},
  journal = {Phys. Rev. Lett.},
  volume = {9},
  issue = {1},
  pages = {36--44},
  numpages = {0},
  year = {1962},
  month = {Jul},
  publisher = {American Physical Society},
  doi = {10.1103/PhysRevLett.9.36},
  url = {https://link.aps.org/doi/10.1103/PhysRevLett.9.36}
}

 @article{PhysRevLett.35.1489,
  title = {Evidence for Anomalous Lepton Production in ${e}^{+}\ensuremath{-}{e}^{\ensuremath{-}}$ Annihilation},
  author = {Perl, M. L. and Abrams, G. S. and Boyarski, A. M. and Breidenbach, M. and Briggs, D. D. and Bulos, F. and Chinowsky, W. and Dakin, J. T. and Feldman, G. J. and Friedberg, C. E. and Fryberger, D. and Goldhaber, G. and Hanson, G. and Heile, F. B. and Jean-Marie, B. and Kadyk, J. A. and Larsen, R. R. and Litke, A. M. and L\"uke, D. and Lulu, B. A. and L\"uth, V. and Lyon, D. and Morehouse, C. C. and Paterson, J. M. and Pierre, F. M. and Pun, T. P. and Rapidis, P. A. and Richter, B. and Sadoulet, B. and Schwitters, R. F. and Tanenbaum, W. and Trilling, G. H. and Vannucci, F. and Whitaker, J. S. and Winkelmann, F. C. and Wiss, J. E.},
  journal = {Phys. Rev. Lett.},
  volume = {35},
  issue = {22},
  pages = {1489--1492},
  numpages = {0},
  year = {1975},
  month = {Dec},
  publisher = {American Physical Society},
  doi = {10.1103/PhysRevLett.35.1489},
  url = {https://link.aps.org/doi/10.1103/PhysRevLett.35.1489}
}

@article{Kodama:2000mp,
      author         = "Kodama, K. and others",
      title          = "{Observation of tau neutrino interactions}",
      collaboration  = "DONUT",
      journal        = "Phys. Lett.",
      volume         = "B504",
      year           = "2001",
      pages          = "218-224",
      doi            = "10.1016/S0370-2693(01)00307-0",
      eprint         = "hep-ex/0012035",
      archivePrefix  = "arXiv",
      primaryClass   = "hep-ex",
      reportNumber   = "FERMILAB-PUB-00-335-E",
      SLACcitation   = "%%CITATION = HEP-EX/0012035;%%"
}

@article{Bilenky:2014ema,
      author         = "Bilenky, S. M.",
      title          = "{Neutrino in Standard Model and beyond}",
      journal        = "Phys. Part. Nucl.",
      volume         = "46",
      year           = "2015",
      number         = "4",
      pages          = "475-496",
      doi            = "10.1134/S1063779615040024",
      eprint         = "1501.00232",
      archivePrefix  = "arXiv",
      primaryClass   = "hep-ph",
      SLACcitation   = "%%CITATION = ARXIV:1501.00232;%%"
}

@book{Chandrasekhar:1187874,
      author        = "Chandrasekhar, S",
      title         = "{Newton's principia for the common reader}",
      publisher     = "Oxford Univ.",
      address       = "Oxford",
      year          = "2003",
      url           = "http://cds.cern.ch/record/1187874",
      note          = "The book can be consulted by contacting: PH-AID: Wallet,
                       Lionel",
}
 
 @book{Gutfreund:1980674,
      author        = "Gutfreund, Hanoch and Renn, Jürgen",
      title         = "{The road to relativity: the history and meaning of
                       Einstein's "The foundation of general relativity" :
                       featuring the original manuscript of Einstein's
                       masterpiece}",
      publisher     = "Princeton University Press",
      address       = "Princeton, NJ",
      month         = "Apr",
      year          = "2015",
      url           = "https://cds.cern.ch/record/1980674",
}
 
 @book{butterworth2014smashing,
  title={Smashing Physics},
  author={Butterworth, J.},
  isbn={9781472210319},
  lccn={2014431348},
  url={https://books.google.ch/books?id=ii89nwEACAAJ},
  year={2014},
  publisher={Headline Publishing Group}
}

@book{Cottingham:1026625,
      author        = "Cottingham, W N and Greenwood, D A",
      title         = "{An Introduction to the Standard Model of Particle
                       Physics; 2nd ed.}",
      publisher     = "Cambridge Univ. Press",
      address       = "Cambridge",
      year          = "2007",
      url           = "https://cds.cern.ch/record/1026625",
}
 
@online{wolfram,
    author = "Eric W. Weisstein",
    title = "Fundamental forces",
    url  = "http://scienceworld.wolfram.com/physics/FundamentalForces.html",
    addendum = "",
    keywords = "Electromagnetic Force, Fifth Force, Gravitational Force, Particle Decay, Standard Model, Strong Force, Weak Force"
}
 
@online{Bender,
    author = "Carl Bender",
    title = "Mathematical physics",
    url  = "https://www.perimeterinstitute.ca/video-library/collection/11/12-psi-mathematical-physics",
    addendum = "2011/2012",
    keywords = "approximations, dominant balance"
}

@article{qed_fathers,
 ISSN = {00070882, 14643537},
 title          = "{QED and the Men Who Made It: Dyson, Feynman, Schwinger, and Tomonaga by Silvan S. Schweber}",
 URL = {http://www.jstor.org/stable/687905},
 author = {Andrew Wayne},
 journal = {The British Journal for the Philosophy of Science},
 number = {4},
 pages = {624--627},
 publisher = {[Oxford University Press, The British Society for the Philosophy of Science]},
 reviewed-author = {Silvan S. Schweber},
 volume = {46},
 year = {1995}
}

@article{pdg,
      author         = "Patrignani, C. and others",
      title          = "{Review of Particle Physics}",
      collaboration  = "Particle Data Group",
      journal        = "Chin. Phys.",
      volume         = "C40",
      year           = "2016",
      number         = "10",
      pages          = "100001",
      doi            = "10.1088/1674-1137/40/10/100001",
      SLACcitation   = "%%CITATION = CHPHD,C40,100001;%%"
}


